@article{batselier2014null,
  title={On the null spaces of the Macaulay matrix},
  author={Batselier, Kim and Dreesen, Philippe and De Moor, Bart},
  journal={Linear Algebra and its Applications},
  volume={460},
  pages={259--289},
  year={2014},
  publisher={Elsevier}
}


@article{batselier2014canonical,
  title={The Canonical Decomposition of C\^{}n\_d and Numerical GroÌˆbner and Border Bases},
  author={Batselier, Kim and Dreesen, Philippe and De Moor, Bart},
  journal={SIAM Journal on Matrix Analysis and Applications},
  volume={35},
  number={4},
  pages={1242--1264},
  year={2014},
  publisher={SIAM}
}

@inproceedings{larsson2017efficient,
  title={Efficient solvers for minimal problems by syzygy-based reduction},
  author={Larsson, Viktor and Astrom, Kalle and Oskarsson, Magnus},
  booktitle={Proceedings of the IEEE Conference on Computer Vision and Pattern Recognition},
  pages={820--829},
  year={2017}
}


@article{caminata2017solving,
  title={Solving multivariate polynomial systems and an invariant from commutative algebra},
  author={Caminata, Alessio and Gorla, Elisa},
  journal={arXiv preprint arXiv:1706.06319},
  year={2017}
}


@inproceedings{larsson2018beyond,
  title={Beyond grobner bases: Basis selection for minimal solvers},
  author={Larsson, Viktor and Oskarsson, Magnus and Astrom, Kalle and Wallis, Alge and Kukelova, Zuzana and Pajdla, Tomas},
  booktitle={Proceedings of the IEEE Conference on Computer Vision and Pattern Recognition},
  pages={3945--3954},
  year={2018}
}

@article{byrod2009fast,
  title={Fast and stable polynomial equation solving and its application to computer vision},
  author={Byr{\"o}d, Martin and Josephson, Klas and {\AA}str{\"o}m, Kalle},
  journal={International Journal of Computer Vision},
  volume={84},
  number={3},
  pages={237--256},
  year={2009},
  publisher={Springer}
}

@book{boyd2004convex,
  title={Convex optimization},
  author={Boyd, Stephen and Vandenberghe, Lieven},
  year={2004},
  publisher={Cambridge university press}
}

@book{stetter2004numerical,
  title={Numerical polynomial algebra},
  author={Stetter, Hans J},
  volume={85},
  year={2004},
  publisher={Siam}
}


